@Article{Castleetal2012,
  author={Castle, Jennifer L. and Doornik, Jurgen A. and Hendry, David F.},
  title={Model selection when there are multiple breaks},
  journal={Journal of Econometrics},
  year=2012,
  volume={169},
  number={2},
  pages={239-246}
}

@Article{Hansen1996,
  author={Hansen, Bruce E},
  title={Methodology: Alchemy or Science: Review Article},
  journal={Economic Journal},
  year=1996,
  volume={106},
  number={438},
  pages={1398-1413},
  month={September}
}

@Article{Cairnsetal2011,
  author={Cairns, Andrew J.G. and Blake, David and Dowd, Kevin and Coughlan, Guy D. and Epstein, David and Khalaf-Allah, Marwa},
  title={Mortality density forecasts: An analysis of six stochastic mortality models},
  journal={Insurance: Mathematics and Economics},
  year=2011,
  volume={48},
  number={3},
  pages={355-367},
  month={May}
}

@Article{Kennedy2002,
  author={ Kennedy, Peter E},
  title={ Sinning in the Basement: What Are the Rules? The Ten Commandments of Applied Econometrics},
  journal={Journal of Economic Surveys},
  year=2002,
  volume={16},
  number={4},
  pages={569-89},
  month={September},
  keywords={}
}

@Article{Kennedy2002b,
  author={ Kennedy, Peter E},
  title={ Reply},
  journal={Journal of Economic Surveys},
  year=2002,
  volume={16},
  number={4},
  pages={615-20},
  month={September},
  keywords={}
}

@Article{HendryKrolzig2004,
  author={David F. Hendry and Hans-Martin Krolzig},
  title={We Ran One Regression},
  journal={Oxford Bulletin of Economics and Statistics},
  year=2004,
  volume={66},
  number={5},
  pages={799-810},
  month={December},
  keywords={}
}

@ARTICLE{CamposEricsson1999,
title = {Contructive data mining: modeling consumers' expenditure in Venezuela},
author = {Campos, Julia and Ericsson, Neil R.},
year = {1999},
journal = {Econometrics Journal},
volume = {2},
number = {2},
pages = {226-240},
}

@Article{HendryKrolzig2005,
  author={David F. Hendry and Hans-Martin Krolzig},
  title={The Properties of Automatic ``GETS'' Modelling},
  journal={Economic Journal},
  year=2005,
  volume={115},
  number={502},
  pages={C32-C61},
  month={03}
}

@Article{KrolzigHendry2001,
  author={Krolzig, Hans-Martin and Hendry, David F.},
  title={Computer automation of general-to-specific model selection procedures},
  journal={Journal of Economic Dynamics and Control},
  year=2001,
  volume={25},
  number={6-7},
  pages={831-866},
  month={June},
  keywords={},
}

@Article{Lovell1983,
	author ="Lovell, M. C.",
	title ="{D}ata mining",
	journal ="Reveiw of Economic Statistics",
	volume =65,
	year =1983,
	pages = "1--12"
}

@Article{HooverPerez1999,
	author ="Kevin D. Hoover and Perez, Stephen J.",
	title ="{D}ata mining reconsidered: encompassing the general-to-specific approach to specification search",
	journal ="Econometrics Journal",
	volume =2,
	year =1999,
	pages = "167--191"
}

@Article{HooverPerez2004,
	author ="Kevin D. Hoover and Perez, Stephen J.",
	title ="{T}ruth and {R}obustness in {C}ross-country {G}rowth {R}egressions",
	journal ="Oxford Bulletin of Economics and Statistics",
	volume =66,
	number = 5,
	year =2004,
	pages = "765--798"
}

@TechReport{Camposetal2005,
  author={Julia Campos and Neil R. Ericsson and David F. Hendry},
  title={General-to-specific modeling: an overview and selected bibliography},
  year=2005,
  institution={Board of Governors of the Federal Reserve System (U.S.)},
  type={International Finance Discussion Papers},
  number={838},
  abstract={This paper discusses the econometric methodology of general-to-specific modeling, in which the modeler simplifies an initially general model that adequately characterizes the empirical evidence within his or her theoretical framework. Central aspects of this approach include the theory of reduction, dynamic specification, model selection procedures, model selection criteria, model comparison, encompassing, computer automation, and empirical implementation. This paper thus reviews the theory of reduction, summarizes the approach of general-to-specific modeling, and discusses the econometrics of model selection, noting that general-to-specific modeling is the practical embodiment of reduction. This paper then summarizes fifty-seven articles key to the development of general-to-specific modeling.},
  keywords={Econometrics ; Econometric models}
}

@TechReport{SucarratEscribiano,
  author={Genaro Sucarrat and Alvaro Escribano},
  title={Automated Model Selection in Finance: General-to-Specific Modelling of the Mean and Volatility Specifications},
  year=2011,
  month={June},
  type={Mimeo}
}

@Article{BreuschPagan1979,
	author ="Breusch, T. S. and A. R. Pagan",
	title ="A simple test for heteroscedasticity and random coefficient variation",
	journal ="Econometrica",
	volume =47,
	year =1979,
	pages = "1287--1294"
}

@Article{Ramsey1969,
	author ="J. B. Ramsey",
	title ="Tests for specification errors in classical linear least-squares regression analysis",
	journal ="Journal of the Royal Statistical Society",
	volume =31,
	number ="B",
	year =1969,
	pages = "350--371"
}

@Article{Chow1960,
	author ="Chow, G. C.",
	title ="Tests of equality between sets of coefficients in two linear regressions",
	journal ="Econometrica",
	volume =28,
	year =1960,
	pages = "591--605"
}

@Article{Engle1982,
	author ="Engle, R. F.",
	title ="Autoregressive conditional heteroscedasticity, with estimates of the variance of United Kingdom inflations",
	journal ="Econometrica",
	volume =50,
	year =1982,
	pages = "987--1007"
}

@Article{BreuschPagan1980,
	author ="Breusch, T. S. and A. R. Pagan",
	title ="The Lagrange multiplier test and its applications to model specification in econometrics",
	journal ="Review of Economic Studies",
	volume =47,
	year =1980,
	pages = "239--253"
}

@Article{Drukker2003,
	author ="Drukker, D. M.",
	title ="Testing for serial correlation in linear panel-data models",
	journal ="Stata Journal",
	volume =3,
	number =2,
	year =2003,
	pages = "168--177"
}

@Book{Harrell2001,
	author = "Harrell, F. E.",
	title=  "Regression modeling strategies: With applications to linear models, logistic regression, and survival analysis",
	year = "2001",
	publisher = "Springer-Verlag",
	address = "New York"
}

@Book{Wooldridge2002,
	author = "Wooldridge, J. M.",
	title=  "Econometric Analysis of Cross Section and Panel Data",
	year = "2002",
	publisher = "MIT Press",
	address = "Cambridge, MA"
}
